@article{poulakis2019attack,
  title={An Attack on Small Private Keys of RSA Based on Euclidean Algorithm.},
  author={Poulakis, Dimitrios},
  journal={IACR Cryptology ePrint Archive},
  volume={2019},
  pages={283},
  year={2019}
}
@article{carbone2019deep,
  title={Deep learning to evaluate secure RSA implementations},
  author={Carbone, Mathieu and Conin, Vincent and Corn{\'e}lie, Marie-Angela and Dassance, Fran{\c{c}}ois and Dufresne, Guillaume and Dumas, C{\'e}cile and Prouff, Emmanuel and Venelli, Alexandre},
  journal={IACR Transactions on Cryptographic Hardware and Embedded Systems},
  pages={132--161},
  year={2019},
  note={\textbf{Time: 2:09. This is a test of inserting note in latex}.}
}
@inproceedings{jing2004optimized,
  title={The optimized key distribution scheme in threshold RSA},
  author={Jing-Song, CUI and Rong, Peng and Li-Na, Wang},
  booktitle={Proceedings of the 3rd international conference on Information security},
  pages={18--21},
  year={2004},
  organization={ACM}
}
@inproceedings{wuller2016information,
  title={Information Hiding in the RSA Modulus},
  author={W{\"u}ller, Stefan and K{\"u}hnel, Mari{\'a}n and Meyer, Ulrike},
  booktitle={Proceedings of the 4th ACM Workshop on Information Hiding and Multimedia Security},
  pages={159--167},
  year={2016},
  organization={ACM}
}
@inproceedings{jing2004optimized,
  title={The optimized key distribution scheme in threshold RSA},
  author={Jing-Song, CUI and Rong, Peng and Li-Na, Wang},
  booktitle={Proceedings of the 3rd international conference on Information security},
  pages={18--21},
  year={2004},
  organization={ACM}
}
@inproceedings{ezziri2019amelioration,
  title={Amelioration of a proxy signature using RSA encryption},
  author={Ezziri, Salma and Khadir, Omar},
  booktitle={Proceedings of the 2nd International Conference on Networking, Information Systems \& Security},
  pages={40},
  year={2019},
  organization={ACM}
}
@article{zhu2019new,
  title={A New RSA Image Encryption Algorithm Based on Singular Value Decomposition},
  author={Zhu, Kai and Lin, Zizhi and Ding, Yun},
  journal={International Journal of Pattern Recognition and Artificial Intelligence},
  volume={33},
  number={01},
  pages={1954002},
  year={2019},
  publisher={World Scientific}
}
@article{sheng2009information,
  title={Information hiding based on double random-phase encoding and public-key cryptography},
  author={Sheng, Yuan and Xin, Zhou and Alam, Mohammad S and Xi, Lu and Xiao-Feng, Li},
  journal={Optics Express},
  volume={17},
  number={5},
  pages={3270--3284},
  year={2009},
  publisher={Optical Society of America}
}
@inproceedings{mcgregor2005traitor,
  title={A traitor tracing scheme based on RSA for fast decryption},
  author={McGregor, John Patrick and Yin, Yiqun Lisa and Lee, Ruby B},
  booktitle={International Conference on Applied Cryptography and Network Security},
  pages={56--74},
  year={2005},
  organization={Springer}
}
@article{laih2004generating,
  title={Generating visible RSA public keys for PKI},
  author={Laih, Chi-Sung and Chen, Kuang-Yu},
  journal={International Journal of Information Security},
  volume={2},
  number={2},
  pages={103--109},
  year={2004},
  publisher={Springer}
}
@inproceedings{dhakar2012modified,
  title={Modified RSA encryption algorithm (MREA)},
  author={Dhakar, Ravi Shankar and Gupta, Amit Kumar and Sharma, Prashant},
  booktitle={2012 Second International Conference on Advanced Computing \& Communication Technologies},
  pages={426--429},
  year={2012},
  organization={IEEE}
}
@article{chang2012practical,
  title={Practical RSA signature scheme based on periodical rekeying for wireless sensor networks},
  author={Chang, Shih-Ying and Lin, Yue-Hsun and Sun, Hung-Min and Wu, Mu-En},
  journal={ACM Transactions on Sensor Networks (TOSN)},
  volume={8},
  number={2},
  pages={13},
  year={2012},
  publisher={ACM}
}
@article{kaikala2019dynamic,
  title={Dynamic Key Management Schemes in Wireless Sensor Networks and Cyber Physical Systems},
  author={KAIKALA, THEJASWI and Jagadeesh, B Naga},
  journal={Dynamic Key Management Schemes in Wireless Sensor Networks and Cyber Physical Systems (February 20, 2019)},
  year={2019}
}
@misc{kovacs2019authentication,
  title={Authentication via revocable signatures},
  author={Kovacs, Daniel and Samelin, Kai and Sommer, Dieter},
  year={2019},
  month=jun # "~18",
  publisher={Google Patents},
  note={US Patent App. 10/326,753}
}
@inproceedings{kiltz2010instantiability,
  title={Instantiability of RSA-OAEP under chosen-plaintext attack},
  author={Kiltz, Eike and O’Neill, Adam and Smith, Adam},
  booktitle={Annual Cryptology Conference},
  pages={295--313},
  year={2010},
  organization={Springer}
}
@inproceedings{boneh2000generating,
  title={Generating RSA keys on a handheld using an untrusted server},
  author={Boneh, Dan and Modadugu, Nagendra and Kim, Michael},
  booktitle={International Conference on Cryptology in India},
  pages={271--282},
  year={2000},
  organization={Springer}
}
@article{thirumalai2016review,
  title={Review on the memory efficient RSA variants},
  author={Thirumalai, Chandrasegar},
  journal={International Journal of Pharmacy and Technology},
  volume={8},
  number={4},
  pages={4907--4916},
  year={2016}
}
@article{jiang2009investigation,
  title={Investigation and analysis of the weakness and efficiency of genaralized cycling attacks on RSA modulus},
  author={Jiang, Zheng-tao and Huai, Jin-peng and Wang, Yu-min},
  journal={Journal on Communications},
  volume={30},
  number={6},
  pages={70--74},
  year={2009}
}
@inproceedings{herrmann2011improved,
  title={Improved cryptanalysis of the multi-prime $\varphi$-hiding assumption},
  author={Herrmann, Mathias},
  booktitle={International Conference on Cryptology in Africa},
  pages={92--99},
  year={2011},
  organization={Springer}
}
@article{ivy2012modified,
  title={A modified RSA cryptosystem based on ‘n’prime numbers},
  author={Ivy, B Persis Urbana and Mandiwa, Purshotam and Kumar, Mukesh},
  journal={International Journal Of Engineering And Computer Science},
  volume={1},
  number={2},
  pages={63--66},
  year={2012}
}
@article{ayele2013modified,
  title={A modified RSA encryption technique based on multiple public keys},
  author={Ayele, Amare Anagaw and Sreenivasarao, Vuda},
  journal={International Journal of Innovative Research in Computer and Communication Engineering},
  volume={1},
  number={4},
  pages={859--864},
  year={2013}
}
@inproceedings{nagar2012high,
  title={High speed implementation of RSA algorithm with modified keys exchange},
  author={Nagar, Sami A and Alshamma, Saad},
  booktitle={2012 6th International Conference on Sciences of Electronics, Technologies of Information and Telecommunications (SETIT)},
  pages={639--642},
  year={2012},
  organization={IEEE}
}
@inproceedings{gupta2012hybrid,
  title={A hybrid encryption algorithm based on RSA and Diffie-Hellman},
  author={Gupta, Shilpi and Sharma, Jaya},
  booktitle={2012 IEEE International Conference on Computational Intelligence and Computing Research},
  pages={1--4},
  year={2012},
  organization={IEEE}
}
@inproceedings{minni2013algorithm,
  title={An algorithm to enhance security in RSA},
  author={Minni, Rohit and Sultania, Kaushal and Mishra, Saurabh and Vincent, Durai Raj},
  booktitle={2013 Fourth International Conference on Computing, Communications and Networking Technologies (ICCCNT)},
  pages={1--4},
  year={2013},
  organization={IEEE}
}
@article{aldaya2019cache,
  title={Cache-timing attacks on RSA key generation},
  author={Aldaya, Alejandro Cabrera and Garc{\'\i}a, Cesar Pereida and Tapia, Luis Manuel Alvarez and Brumley, Billy Bob},
  journal={IACR Transactions on Cryptographic Hardware and Embedded Systems},
  pages={213--242},
  year={2019}
}
%\iffalse
%\fi

